@Booklet{Gil:02,
  author       = {Joseph (Yossi) Gil},
  TITLE        = {{\LaTeXe} for Graduate Students},
  year         = {2002},
  howpublished = {manuscript},
  address      = {Haifa, Israel},
}

@online{wu,
 author  = {{Wikimedia Commons}},
 title   = {{Schematische Darstellung des Aufbaus des Wu-Experiments}},
 year    = {{2013}},
 urlseen = {{06-11-2018}},
 howpublished     = "\url{https://upload.wikimedia.org/wikipedia/de/8/88/Wu-Experiment_wikipedia.png}",
}

@online{gluon,
 author  = {{Joel Holdsworth}},
 title   = {{Ein Feynman-Diagramm, dass die Strahlung eines Gluons bei Annihilation eines Elektrons und eines Positrons darstellt}},
 year    = {{2009}},
 urlseen = {{15-11-2018}},
 howpublished     = "\url{https://upload.wikimedia.org/wikipedia/commons/1/1f/Feynmann_Diagram_Gluon_Radiation.svg}",
}

@inbook{boson,
author = {Luigi Di Lella and Carlo Rubbia},
title = {The Discovery of the W and Z Particles},
booktitle = {60 Years of CERN Experiments and Discoveries},
chapter = {},
pages = {137-163},
doi = {10.1142/9789814644150_0006},
howpublished = "\url{https://www.worldscientific.com/doi/abs/10.1142/9789814644150_0006}",
eprint = {https://www.worldscientific.com/doi/pdf/10.1142/9789814644150_0006},
    abstract = { This article describes the scientific achievements that led to the discovery of the weak intermediate vector bosons, W± and Z, from the original proposal to modify an existing high-energy proton accelerator into a proton–antiproton collider and its implementation at CERN, to the design, construction and operation of the detectors which provided the first evidence for the production and decay of these two fundamental particles.}
}

@online{kaon,
 author  = {{Bernhard Spaan}},
 title   = {{Skript zur Vorlesung Teilchenphysik II}},
 year    = {{2018}},
}

 @misc{cmb,
   author = "Wikimedia Commons",
   title = "File:Horn Antenna-in Holmdel, New Jersey.jpeg --- Wikimedia Commons{,} the free media repository",
   year = "2018",
   url = "\url{https://commons.wikimedia.org/w/index.php?title=File:Horn_Antenna-in_Holmdel,_New_Jersey.jpeg&oldid=309026042}",
   note = "[Online; accessed 13-January-2019]"
 }

 @article{Ellis:2012465,
      author        = "Ellis, John and Gaillard, Mary K and Nanopoulos, Dimitri
                       V",
      title         = "{A Historical Profile of the Higgs Boson. An Updated
                       Historical Profile of the Higgs Boson}",
      number        = "arXiv:1504.07217. KCL-PH-TH-2015-20. LCTS-2015-10.
                       CERN-PH-TH-2015-098",
      pages         = "4",
      month         = "Apr",
      year          = "2015",
      reportNumber  = "arXiv:1504.07217",
      url           = "https://cds.cern.ch/record/2012465",
}

@online{higgs_production_decay,
 author  = {{Lancester University}},
 title   = {{Mexican Hat Potential}},
 urlseen = {{28-01-2019}},
 howpublished     = "\url{http://www.lppp.lancs.ac.uk/higgs/higgs.html}",
}



