@article{knuth74,
    author = {Knuth, Donald E.},
    title = {Computer Programming As an Art},
    journal = {Commun. ACM},
    year = {1974},
    pages = {667--673},
    numpages = {7},
    publisher = {ACM},
    address = {New York, NY, USA}
}

@article{knuth92,
    author = {Knuth, Donald E.},
    title = {Two notes on notation},
    journal = {Amer. Math. Monthly},
    volume = {99},
    year = {1992},
    pages = {403--422}
}

@book{lamport94,
    title = {LaTeX: A Document Preparation System},
    author = {Lamport, Leslie},
    year = {1994},
    publisher = {Pearson Education India}
}


 @misc{wiki:NC,
   author = "Wikimedia Commons",
   title = "File:Neutral current, leptonic event, muon neutrino.png --- Wikimedia Commons{,} the free media repository",
   year = "2018",
   url = "\url{https://commons.wikimedia.org/w/index.php?title=File:Neutral_current,_leptonic_event,_muon_neutrino.png&oldid=291827646}",
   note = "[Online; accessed 26-November-2018]"
 }

@techreport{proposal,
      title         = "{Proposal for a neutrino experiment in gargamelle}",
      institution   = "CERN",
      collaboration = "Aachen, Brussels, CERN, Ecole Polytechnique, Milan, Orsay,
                       University College",
      address       = "Geneva",
      number        = "CERN-TCC-70-12",
      month         = "Mar",
      year          = "1970",
      url           = "https://cds.cern.ch/record/1184733",
}

@misc{wiki:gargamelle,
   author = "Wikimedia Commons",
   title = "File:Gargamelle.jpg --- Wikimedia Commons{,} the free media repository",
   year = "2018",
   url = "\url{https://commons.wikimedia.org/w/index.php?title=File:Gargamelle.jpg&oldid=310784373}",
   note = "[Online; accessed 26-November-2018]"
 }

 @unpublished{CERN-EX-7011042,
      title         = "{A view inside the Gargamelle bubble chamber. Travaux de
                       finition à l'intérieur du coprs de la chambre de
                       Gargamelle}",
      month         = "Nov",
      year          = "1970",
      reportNumber  = "CERN-EX-7011042",
      url           = "https://cds.cern.ch/record/615825",
}

@unpublished{CERN-EX-60100,
      title         = "{Gargamelle: first neutral current. En juillet 1973, une
                       grande découverte est annoncée dans le grand
                       amphithéâtre du CERN : le groupe Gargamelle a détecté
                       les courants neutres faibles ! Cette observation confirme
                       la théorie électrofaible, qui prédit que la force faible
                       et la force électromagnétique doivent former une unique
                       interaction.}",
      year          = "1973",
      reportNumber  = "CERN-EX-60100",
      url           = "https://cds.cern.ch/record/39468",
}

@inbook{doi:10.1142/9789814644150_0006,
author = {Luigi Di Lella and Carlo Rubbia},
title = {The Discovery of the W and Z Particles},
booktitle = {60 Years of CERN Experiments and Discoveries},
chapter = {},
pages = {137-163},
doi = {10.1142/9789814644150_0006},
URL = {https://www.worldscientific.com/doi/abs/10.1142/9789814644150_0006},
eprint = {https://www.worldscientific.com/doi/pdf/10.1142/9789814644150_0006},
    abstract = { This article describes the scientific achievements that led to the discovery of the weak intermediate vector bosons, W± and Z, from the original proposal to modify an existing high-energy proton accelerator into a proton–antiproton collider and its implementation at CERN, to the design, construction and operation of the detectors which provided the first evidence for the production and decay of these two fundamental particles.}
}
